@book{2013微積分,
  title={微積分},
  author={斎藤毅},
  yomi={さいとうたけし},
  isbn={9784130629188},
  year={2013},
  publisher={東京大学出版会}
}
@book{1971微積分,
	title={新講　微積分学},
	author={栗田稔},
	yomi={くりたみのる},
	isbn={9784873611044},
	year={1971},
	publisher={学術図書出版社}
}
@book{1978微積分,
	title={微分積分},
	author={田島一郎 and 渡部隆一 and 宮崎浩},
	yomi={たじまいちろう and わたなべりゅういち and みやざきひろし},
	isbn={9784563005306},
	year={1978},
	publisher={培風館}
}
@book{1980微積分,
	title={微分積分学},
	author={貴志一男},
	yomi={きしかずお},
	isbn={9784788501058},
	year={1980},
	publisher={新曜社}
}
@book{1988微積分,
	title={教養課程　微分積分},
	author={尾﨑康弘},
	yomi={おざきやすひろ},
	isbn={9784785310523},
	year={1988},
	publisher={裳華房}
}
@book{2016ヴィジュアルガイド物理数学,
	title={ヴィジュアルガイド物理数学 \textrm{1}変数の微積分と常微分方程式},
	author={前野昌弘},
	yomi={まえのまさひろ},
	isbn={9784489022401},
	year={2016},
	publisher={東京図書}
}
@book{1995離散数学,
	title={離散数学　コンピュータサイエンスの基礎数学},
	author={Seymour Lipschutz},
	yomi={},
	isbn={9784274130052},
	year={1995},
	publisher={オーム社}
}
@book{2009数学は言葉,
	title={数学は言葉},
	author={新井紀子},
	yomi={あらいのりこ},
	isbn={9784489020537},
	series={Math stories / 上野健爾, 新井紀子監修},
	year={2009},
	publisher={東京図書}
}
@book{2016数学の作法,
	title={数学の作法},
	author={蟹江幸博},
	yomi={かにえゆきひろ},
	isbn={9784764905146},
	year={2016},
	publisher={近代科学社}
}
@book{2015数学ガールの秘密ノート,
	title={数学ガールの秘密ノート　微分を追いかけて},
	author={結城浩},
	yomi={ゆうきひろし},
	isbn={9784797382310},
	series={数学ガール},
	year={2015},
	publisher={SBクリエイティブ}
}
@book{2017数学ガールの秘密ノート,
	title={数学ガールの秘密ノート　積分を見つめて},
	author={結城浩},
	yomi={ゆうきひろし},
	isbn={9784797391381},
	series={数学ガール},
	year={2017},
	publisher={SBクリエイティブ}
}

